@inproceedings{edos,
 author = {Mancinelli, Fabio and Boender, Jaap and di Cosmo, Roberto and Vouillon, Jerome and Durak, Berke and Leroy, Xavier and Treinen, Ralf},
 title = {Managing the Complexity of Large Free and Open Source Package-Based Software Distributions},
 booktitle = {Proceedings of the 21st IEEE/ACM International Conference on Automated Software Engineering},
 year = {2006},
 pages = {199--208},
 numpages = {10},
 url = {http://dl.acm.org/citation.cfm?id=1169218.1169319},
 note = {DOI 10.1109/ASE.2006.49},
 acmid = {1169319},
 publisher = {IEEE Computer Society},
 address = {Washington, DC, USA},
} 

@misc{burrows,
 author = {Daniel Burrows},
 title = {Modelling and Resolving Software Dependencies},
 url = {http://people.debian.org/~dburrows/model.pdf},
 year = {2005},
 month = {June}
}

@article{picosat,
    author = {Biere, Armin},
    citeulike-article-id = {7103060},
    citeulike-linkout-0 = {http://jsat.ewi.tudelft.nl/content/volume4/JSAT4\_5\_Biere.pdf},
    citeulike-linkout-1 = {http://dblp.uni-trier.de/rec/bibtex/journals/jsat/Biere08},
    journal = {Journal on Satisfiability, Boolean Modeling and Computation (JSAT)},
    keywords = {msreport, sat},
    number = {2-4},
    pages = {75--97},
    posted-at = {2010-04-29 22:22:12},
    priority = {2},
    title = {{PicoSAT} Essentials},
    url = {http://jsat.ewi.tudelft.nl/content/volume4/JSAT4\_5\_Biere.pdf},
    volume = {4},
    year = {2008}
}


@incollection {clasp,
   author = {Gebser, Martin and Kaufmann, Benjamin and Neumann, André and Schaub, Torsten},
   affiliation = {Institut für Informatik, Universität Potsdam, August-Bebel-Str. 89, D-14482 Potsdam Germany},
   title = {clasp: A Conflict-Driven Answer Set Solver},
   booktitle = {Logic Programming and Nonmonotonic Reasoning},
   series = {Lecture Notes in Computer Science},
   editor = {Baral, Chitta and Brewka, Gerhard and Schlipf, John},
   publisher = {Springer Berlin / Heidelberg},
   keyword = {Computer Science},
   pages = {260-265},
   volume = {4483},
   doi = {10.1007/978-3-540-72200-7\_23},
   year = {2007}
}

@article{sat4j,
  author    = {Daniel Le Berre and
               Anne Parrain},
  title     = {The Sat4j library, release 2.2},
  journal   = {JSAT},
  volume    = {7},
  number    = {2-3},
  year      = {2010},
  pages     = {59-6},
  ee        = {http://jsat.ewi.tudelft.nl/content/volume7/JSAT7_4_LeBerre.pdf},
  bibsource = {DBLP, http://dblp.uni-trier.de}
}

@inproceedings{coinst,
  author    = {Roberto Di Cosmo and
               J{\'e}r{\^o}me Vouillon},
  title     = {On software component co-installability},
  booktitle = {SIGSOFT FSE},
  year      = {2011},
  pages     = {256-266},
  ee        = {http://doi.acm.org/10.1145/2025113.2025149},
  crossref  = {DBLP:conf/sigsoft/2011},
  bibsource = {DBLP, http://dblp.uni-trier.de}
}

@proceedings{DBLP:conf/sigsoft/2011,
  editor    = {Tibor Gyim{\'o}thy and
               Andreas Zeller},
  title     = {SIGSOFT/FSE'11 19th ACM SIGSOFT Symposium on the Foundations
               of Software Engineering (FSE-19) and ESEC'11: 13rd European
               Software Engineering Conference (ESEC-13), Szeged, Hungary,
               September 5-9, 2011},
  booktitle = {SIGSOFT FSE},
  publisher = {ACM},
  year      = {2011},
  bibsource = {DBLP, http://dblp.uni-trier.de}
}

@inproceedings{upgrade,
  author    = {Roberto Di Cosmo and
               Stefano Zacchiroli and
               Paulo Trezentos},
  title     = {Package Upgrades In FOSS Distributions: Details And Challenges},
  booktitle = {HotSWUp},
  year      = {2008},
  ee        = {http://doi.acm.org/10.1145/1490283.1490292},
  crossref  = {DBLP:conf/hotswup/2008},
  bibsource = {DBLP, http://dblp.uni-trier.de}
}

@proceedings{DBLP:conf/hotswup/2008,
  editor    = {Tudor Dumitras and
               Danny Dig and
               Iulian Neamtiu},
  title     = {Proceedings of the 1st ACM Workshop on Hot Topics in Software
               Upgrades, HotSWUp 2008, Nashville, TN, USA, October 20,
               2008},
  booktitle = {HotSWUp},
  publisher = {ACM},
  year      = {2008},
  bibsource = {DBLP, http://dblp.uni-trier.de}
}

@inproceedings{apt-pbo,
  author    = {Paulo Trezentos and
               In{\^e}s Lynce and
               Arlindo L. Oliveira},
  title     = {Apt-pbo: solving the software dependency problem using pseudo-boolean
               optimization},
  booktitle = {ASE},
  year      = {2010},
  pages     = {427-436},
  ee        = {http://doi.acm.org/10.1145/1858996.1859087},
  crossref  = {DBLP:conf/kbse/2010},
  bibsource = {DBLP, http://dblp.uni-trier.de}
}

@proceedings{DBLP:conf/kbse/2010,
  editor    = {Charles Pecheur and
               Jamie Andrews and
               Elisabetta Di Nitto},
  title     = {ASE 2010, 25th IEEE/ACM International Conference on Automated
               Software Engineering,  Antwerp, Belgium, September 20-24,
               2010},
  booktitle = {ASE},
  publisher = {ACM},
  year      = {2010},
  bibsource = {DBLP, http://dblp.uni-trier.de}
}

